@article{RN38,
   author = {Ahmad, Khurshid and JianMing, Zheng and Rafi, Muhammad},
   title = {An analysis of academic librarians competencies and skills for implementation of Big Data analytics in libraries: A correlational study},
   DOI = {10.1108/DTA-09-2018-0085},
   year = {2019},
   type = {Journal Article}
}

@article{RN39,
   author = {Awan, Waqar and Ameen, Kanwal},
   title = {Defining big data and measuring its associated trends in the field of information and library management},
   pages = {161-168},
   year = {2017},
   type = {Journal Article}
}

@article{RN27,
   author = {Brown, Jeanne M. and Stowers, Eva D.},
   title = {Use of Data in Collections Work: An Exploratory Survey},
   journal = {Collection Management},
   volume = {38},
   number = {2},
   pages = {143-162},
   ISSN = {0146-2679},
   DOI = {10.1080/01462679.2013.763742},
   url = {https://doi.org/10.1080/01462679.2013.763742},
   year = {2013},
   type = {Journal Article}
}

@article{RN29,
   author = {Chen, H.M.},
   title = {Real-world uses for information visualization in libraries},
   journal = {Library Technology Reports},
   volume = {53},
   number = {3},
   pages = {21-25},
   url = {https://journals.ala.org/index.php/ltr/article/view/6291},
   year = {2017},
   type = {Journal Article}
}

@article{RN40,
   author = {Darmandeh, Mozhdeh and Noruzi, Alireza and Esmaeili Givi, Mohammadreza},
   title = {Opportunities of Big Data Management in Libraries and Information Centers: Structural-Interpretive Analysis and Finding a Solution},
   journal = {Iranian Journal of Information Processing Management},
   volume = {34},
   pages = {841-870},
   year = {2019},
   type = {Journal Article}
}

@article{RN30,
   author = {Emily, G. Morton-Owens and Karen, L. Hanson},
   title = {Trends at a Glance: A Management Dashboard of Library Statistics},
   journal = {Information Technology and Libraries},
   volume = {31},
   number = {3},
   DOI = {10.6017/ital.v31i3.1919},
   url = {https://ejournals.bc.edu/index.php/ital/article/view/1919},
   year = {2012},
   type = {Journal Article}
}

@article{RN31,
   author = {Finch, J. L. and Flenner, A. R.},
   title = {Using data visualization to examine an academic library collection},
   journal = {College and Research Libraries},
   volume = {77},
   number = {6},
   pages = {765-778},
   DOI = {10.5860/crl.77.6.765},
   year = {2016},
   type = {Journal Article}
}

@article{RN44,
   author = {Hess, Kirk},
   title = {Discovering Digital Library User Behavior with Google Analytics},
   journal = {Code4Lib},
   number = {17},
   ISSN = {1940-5758},
   url = {https://journal.code4lib.org/articles/6942},
   year = {2012},
   type = {Journal Article}
}

@article{RN28,
   author = {Hughes, Michael},
   title = {A Long-Term Study of Collection Use Based on Detailed Library of Congress Classification, a Statistical Tool for Collection Management Decisions},
   journal = {Collection Management},
   volume = {41},
   number = {3},
   pages = {152-167},
   ISSN = {0146-2679},
   DOI = {10.1080/01462679.2016.1169964},
   url = {https://doi.org/10.1080/01462679.2016.1169964},
   year = {2016},
   type = {Journal Article}
}

@inbook{RN35,
   author = {Jantti, Margie},
   title = {Chapter 26 - Libraries and Big Data: A New View on Impact and Affect},
   booktitle = {Quality and the Academic Library},
   editor = {Atkinson, Jeremy},
   publisher = {Chandos Publishing},
   pages = {267-273},
   ISBN = {978-0-12-802105-7},
   DOI = {https://doi.org/10.1016/B978-0-12-802105-7.00026-9},
   url = {http://www.sciencedirect.com/science/article/pii/B9780128021057000269},
   year = {2016},
   type = {Book Section}
}

@article{RN36,
   author = {Johnson Catherine, Anne and Cassady, Samuel},
   title = {How librarians make decisions: the interplay of subjective and quantitative factors in the cancellation of Big Deals},
   journal = {Collection and Curation},
   volume = {39},
   number = {1},
   pages = {6-14},
   ISSN = {0160-4953},
   DOI = {10.1108/CC-05-2018-0013},
   url = {https://doi.org/10.1108/CC-05-2018-0013},
   year = {2018},
   type = {Journal Article}
}

@article{RN37,
   author = {Kim, Young-Seok and Cooke, Louise},
   title = {Big data analysis of public library operations and services by using the Chernoff face method},
   journal = {Journal of Documentation},
   volume = {73},
   DOI = {10.1108/JD-08-2016-0098},
   year = {2017},
   type = {Journal Article}
}

@article{RN41,
   author = {Knievel, Jennifer E. and Wicht, Heather and Connaway, Lynn Silipigni},
   title = {Use of Circulation Statistics and Interlibrary Loan Data in Collection Management},
   journal = {2006},
   volume = {67},
   number = {1},
   pages = {15},
   ISSN = {2150-6701},
   DOI = {10.5860/crl.67.1.35},
   url = {https://crl.acrl.org/index.php/crl/article/view/15771},
   year = {2006},
   type = {Journal Article}
}

@article{RN43,
   author = {Kutlay, Atalay and Murgu, Cal},
   title = {Shiny Fabric: A Lightweight, Open-source Tool for Visualizing and Reporting Library Relationships},
   journal = {Code4Lib},
   number = {47},
   ISSN = {1940-5758},
   url = {https://journal.code4lib.org/articles/14938},
   year = {2020},
   type = {Journal Article}
}

@article{RN45,
   author = {Meyer, Andy},
   title = {Using R and the Tidyverse to Generate Library Usage Reports},
   journal = {Code4Lib},
   number = {39},
   ISSN = {1940-5758},
   url = {https://journal.code4lib.org/articles/13282},
   year = {2018},
   type = {Journal Article}
}

@article{RN26,
   author = {Morrisey, Locke},
   title = {Data-Driven Decision Making in Electronic Collection Development},
   journal = {Journal of Library Administration},
   volume = {50},
   number = {3},
   pages = {283-290},
   ISSN = {0193-0826},
   DOI = {10.1080/01930821003635010},
   url = {https://doi.org/10.1080/01930821003635010},
   year = {2010},
   type = {Journal Article}
}

@article{RN34,
   author = {Morton-Owens, Emily and Hanson, Karen},
   title = {Trends at a Glance: A Management Dashboard of Library Statistics},
   journal = {Information Technology and Libraries},
   volume = {31},
   DOI = {10.6017/ital.v31i3.1919},
   year = {2012},
   type = {Journal Article}
}

@article{RN3,
   author = {Murphy, Sarah Anne},
   title = {How data visualization supports academic library assessment: Three examples from The Ohio State University Libraries using Tableau},
   journal = {2015},
   volume = {76},
   number = {9},
   pages = {5},
   ISSN = {2150-6698},
   DOI = {10.5860/crln.76.9.9379},
   url = {https://crln.acrl.org/index.php/crlnews/article/view/9379/10546},
   year = {2015},
   type = {Journal Article}
}

@article{RN1,
   author = {Phetteplace, Eric},
   title = {Effectively Visualizing Library Data},
   journal = {Reference \& User Services Quarterly},
   volume = {52},
   number = {2},
   ISSN = {1094-9054},
   DOI = {https://doi.org/10.5860/rusq.52n2.93},
   year = {2012-12-20},
   type = {Journal Article}
}

@article{RN25,
   author = {Scott, Mark C. and Vogus, Brad},
   title = {Using Data to Support Collection Development and Improve Library Value},
   journal = {Public Services Quarterly},
   volume = {15},
   number = {4},
   pages = {337-343},
   ISSN = {1522-8959},
   DOI = {10.1080/15228959.2019.1663337},
   url = {https://doi.org/10.1080/15228959.2019.1663337},
   year = {2019},
   type = {Journal Article}
}

@article{RN42,
   author = {Wiegand, Laura K. and Humphrey, Bob},
   title = {Visualizing Library Statistics using Open Flash Chart 2 and Drupal},
   journal = {Code4Lib},
   number = {19},
   ISSN = {1940-5758},
   url = {https://journal.code4lib.org/articles/7812},
   year = {2013},
   type = {Journal Article}
}

@article{RN32,
   author = {Xu, Weijia and Esteva, Maria and Jain, Suyog D and Jain, Varun},
   title = {Interactive visualization for curatorial analysis of large digital collection},
   journal = {Information Visualization},
   volume = {13},
   number = {2},
   pages = {159-183},
   DOI = {10.1177/1473871612473590},
   url = {https://journals.sagepub.com/doi/abs/10.1177/1473871612473590},
   year = {2014},
   type = {Journal Article}
}

