% Encoding: UTF-8

@book{abts_grundkurs_2017,
	location = {Wiesbaden},
	edition = {9., erweiterte und aktualisierte Auflage},
	title = {Grundkurs Wirtschaftsinformatik : eine kompakte und praxisorientierte Einführung},
	pagetotal = {{xvi}, 758 Seiten},
	publisher = {Springer},
	author = {Abts, Dietmar and Mülder, Wilhelm},
	date = {2017},
	keywords = {Wirtschaftsinformatik}
}


@online{altair_altair_2021,
	title = {Altair: Declarative Visualization in Python — Altair 4.1.0 documentation},
	url = {https://altair-viz.github.io/index.html},
	author = {Altair},
	urldate = {2021-01-27},
	date = {2021}
}


@online{baker__taylor_select_2020,
	title = {Select, Manage and Promote your collection},
	url = {https://www.collectionhq.com/},
	author = {Baker and Taylor},
	urldate = {2020-09-28},
	date = {2020}
}

@incollection{bange_werkzeuge_2016,
	location = {Berlin},
	edition = {5., vollständig überarbeitete Auflage},
	title = {Werkzeuge für analytische Informationssysteme},
	pages = {114--126},
	booktitle = {Analytische Informationssysteme : Business Intelligence-Technologien und -Anwendungen},
	publisher = {Springer Gabler},
	author = {Bange, Carsten},
	date = {2016}
}

@book{becker_stochastische_2016,
	location = {Berlin},
	title = {Stochastische Risikomodellierung und statistische Methoden},
	series = {Statistik und ihre Anwendungen},
	pagetotal = {{xiv}, 375 Seiten},
	publisher = {Springer},
	author = {Becker, Torsten and Herrmann, Richard and Sandor, Viktor and Schäfer, Dominik and Wellisch, Ulrich},
	date = {2016}
}

@article{blake_data_2004,
	title = {From data to decisions},
	volume = {28},
	doi = {10.1080/14649055.2004.10766018},
	pages = {460--464},
	number = {4},
	journaltitle = {Library Collections, Acquisitions, \& Technical Services},
	author = {Blake, Julie C. and Schleper, Susan P.},
	urldate = {2020-09-01},
	date = {2004}
}

@book{block_biblovis_2015,
	title = {{BibloVis} - Ein webbasierter One-Stop Shop zur zentralen Verwaltung und Visualisierung heterogener Nutzungsdaten aus dem Bibliothekskontext},
	publisher = {104. Deutscher Bibliothekartag (Nürnberg, 2015)},
	author = {Block, Marcel and Seeliger, Frank},
	date = {2015},
	note = {Type: Konferenzabstract}
}

@book{bortz_statistik_2010,
	location = {Berlin},
	edition = {7., vollst. überarb. und erw. Aufl.},
	title = {Statistik für Human- und Sozialwissenschaftler : mit ... 163 Tabellen},
	series = {Springer-Lehrbuch},
	publisher = {Springer},
	author = {Bortz, Jürgen and Schuster, Christof},
	pages = {xvi, 655 Seiten},
	date = {2010},
	keywords = {Humanwissenschaften / Statistik, Social sciences / Sociology / Mathematical sociology / Psychological tests, Sozialwissenschaften / Statistik}
}

@article{brown_use_2013,
	title = {Use of data in collections work: an exploratory survey},
	volume = {38},
	doi = {10.1080/01462679.2013.763742},
	pages = {143--162},
	number = {2},
	journaltitle = {Collection Management},
	author = {Brown, Jeanne M and Stowers, Eva D},
	urldate = {2020-08-29},
	date = {2013}
}

@book{cairo_truthful_2016,
	location = {[San Francisco, {CA}]},
	title = {The truthful art : data, charts, and maps for communication},
	pagetotal = {xvii, 382 Seiten},
	publisher = {New Riders},
	author = {Cairo, Alberto},
	date = {2016},
	keywords = {Visualisierung, Informationsgrafik, diagrams, etc., Information visualization / Statistics / Charts}
}

@article{chen_real-world_2017,
	title = {Real-world uses for information visualization in libraries},
	volume = {53},
	url = {https://journals.ala.org/index.php/ltr/article/view/6291},
	pages = {21--25},
	number = {3},
	journaltitle = {Library Technology Reports},
	author = {Chen, H M},
	urldate = {2020-08-30},
	date = {2017},
}

@book{cleff_deskriptive_2011,
	location = {Wiesbaden},
	edition = {2., überarbeitete und erweiterte Auflage},
	title = {Deskriptive Statistik und moderne Datenanalyse : eine computergestützte Einführung mit Excel, {PASW} ({SPSS}) und {STATA}},
	pagetotal = {xxvi, 227 Seiten},
	publisher = {Gabler Verlag},
	author = {Cleff, Thomas},
	date = {2011}
}


@book{coolidge_statistics_2021,
	location = {Los Angeles},
	edition = {Fourth edition},
	title = {Statistics : a gentle introduction},
	pagetotal = {xxiv, 512 Seiten},
	publisher = {{SAGE}},
	author = {Coolidge, Frederick L},
	date = {2021}
}


@online{counter_abstract_2020,
	title = {Abstract {\textbar} Project Counter},
	url = {https://www.projectcounter.org/code-of-practice-five-sections/foreword/},
	titleaddon = {Abstract {\textbar} Project Counter},
	author = {Counter},
	urldate = {2020-09-08},
	date = {2020}
}

@article{crawford_enhancing_2018,
	title = {Enhancing collection development with Big Data Analytics},
	volume = {37},
	doi = {10.1080/01616846.2018.1514922},
	pages = {387--393},
	number = {4},
	journaltitle = {Public Library Quarterly},
	author = {Crawford, Scott and Syme, Fiona},
	urldate = {2020-08-30},
	date = {2018}
}

@book{dick_infographic_2020,
	location = {Cambridge, Massachuetts},
	title = {The infographic : a history of data graphics in news and communications},
	series = {History and foundations of information science},
	pagetotal = {232 Seiten},
	publisher = {The {MIT} Press},
	author = {Dick, Murray},
	date = {2020}

}

@article{dong_interactive_2020,
	title = {An interactive web-based dashboard to track {COVID}-19 in real time},
	volume = {20},
	doi = {10.1016/S1473-3099(20)30120-1},
	pages = {533--534},
	number = {5},
	journaltitle = {The Lancet Infectious Diseases},
	author = {Dong, Ensheng and Du, Hongru and Gardner, Lauren},
	date = {2020}
}


@book{eckerson_performance_2011,
	location = {Hoboken, New Jersey},
	edition = {Second edition},
	title = {Performance dashboards : measuring, monitoring, and managing your business},
	pagetotal = {xvii, 318 Seiten},
	publisher = {John Wiley \& Sons, Inc.},
	author = {Eckerson, Wayne W.},
	date = {2011}
}



@online{ex_libris_alma_2020,
	title = {Alma Analytics - Data-Rich \& Actionable Decision Support {\textbar} Ex Libris},
	url = {https://www.exlibrisgroup.com/products/alma-library-services-platform/alma-analytics/},
	author = {Ex Libris},
	urldate = {2020-09-28},
	date = {2020}
}

@online{faculty_dash_2021,
	title = {Dash bootstrap components},
	url = {https://dash-bootstrap-components.opensource.faculty.ai/},
	author = {Faculty},
	urldate = {2021-01-27},
	date = {2021}
}

@book{farkisch_data-warehouse-systeme_2011,
	location = {Wiesbaden},
	title = {Data-Warehouse-Systeme kompakt : Aufbau, Architektur, Grundfunktionen},
	pagetotal = {xi, 122 Seiten},
	publisher = {Springer},
	author = {Farkisch, Kiumars},
	date = {2011}
}

@book{few_information_2006,
	location = {Sebastopol, {CA}},
	title = {Information dashboard design : the effective visual communication of data},
	pagetotal = {viii, 211 Seiten},
	publisher = {O'Reilly \& Associates},
	author = {Few, Stephen},
	date = {2006}
}

@book{few_now_2009,
	location = {Oakland, Calif.},
	title = {Now you see it : simple visualization techniques for quantitative analysis},
	pagetotal = {xi, 327 Seiten},
	publisher = {Analytics Press},
	author = {Few, Stephen},
	date = {2009}
}


@book{few_show_2012,
	location = {El Dorado Hills, Calif},
	edition = {Second edition},
	title = {Show me the numbers : designing tables and graphs to enlighten},
	pagetotal = {xviii, 351 Seiten},
	author = {Few, Stephen},
	date = {2012},
	keywords = {Visualisierung, Betriebsdaten, Datenanalyse, Grafische Darstellung, Informationsgrafik}
}

@article{finch_using_2016,
	title = {Using data visualization to examine an academic library collection},
	volume = {77},
	doi = {10.5860/crl.77.6.765},
	pages = {765--778},
	number = {6},
	journaltitle = {College and Research Libraries},
	author = {Finch, J L and Flenner, A R},
	urldate = {2020-08-30},
	date = {2016}
}


@article{golas_statistische_2018,
	title = {Statistische Abfragen mit Alma für die Fachreferatsarbeit},
	volume = {5},
	doi = {10.5282/o-bib/2018H4S44-57},
	number = {4},
	journaltitle = {o-bib. Das offene Bibliotheksjournal / Herausgeber {VDB}},
	author = {Golas, Ulrike},
	urldate = {2020-08-30},
	date = {2018}
}



@book{gluchowski_management_2008,
	location = {Berlin},
	edition = {2., vollst. überarb. Aufl.},
	title = {Management Support Systeme und Business Intelligence : computergestützte Informationssysteme für Fach- und Führungskräfte},
	pagetotal = {xix, 408 Seiten},
	publisher = {Springer},
	author = {Gluchowski, Peter and Gabriel, Roland and {Carsten Dittmar}},
	date = {2008},
	keywords = {Managementinformationssystem}
}


@collection{gluchowski_analytische_2016,
	location = {Berlin},
	edition = {5., vollständig überarbeitete Auflage},
	title = {Analytische Informationssysteme : Business Intelligence-Technologien und -Anwendungen},
	pagetotal = {xxvi, 354 Seiten},
	publisher = {Springer Gabler},
	editor = {Gluchowski, Peter and Chamoni, Peter},
	date = {2016}
}


@book{gronwald_integrierte_2020,
	location = {Berlin},
	edition = {3., überarbeitete Auflage},
	title = {Integrierte Business-Informationssysteme : ganzheitliche, geschäftsprozessorientierte Sicht auf die vernetzte Unternehmensprozesskette {ERP}, {SCM}, {CRM}, {BI}, Big Data Analytics},
	pagetotal = {{XIX}, 177 Seiten},
	publisher = {Springer Vieweg},
	author = {Gronwald, Klaus-Dieter},
	date = {2020}
}


@book{han_data_2012,
	location = {Amsterdam},
	edition = {Third edition},
	title = {Data Mining : concepts and techniques},
	pagetotal = {xxxv, 703 Seiten},
	publisher = {Elsevier},
	author = {Han, Jiawei and Kamber, Micheline and Pei, Jian},
	date = {2012}
}

@article{hess_discovering_2012,
	title = {Discovering digital library user behavior with Google Analytics},
	url = {https://journal.code4lib.org/articles/6942},
	number = {17},
	journaltitle = {Code4Lib},
	author = {Hess, Kirk},
	urldate = {2020-08-30},
	date = {2012}
}


@incollection{horne-popp_if_2018,
	location = {Hershey, {PA}},
	title = {If you build it, they will come: creating a library statistics dashboard for decision-making},
	pages = {177--203},
	booktitle = {Developing In-House digital tools in library spaces},
	publisher = {{IGI} Global/Information Science Reference},
	author = {Horne-Popp, Laura and Tessone, Elisabeth and Welker, Joshua},
	editor = {Costello, Laura},
	date = {2018}
}


@article{hughes_long-term_2016,
	title = {A long-term study of collection use based on detailed Library of Congress Classification: a statistical tool for collection management decisions},
	volume = {41},
	doi = {10.1080/01462679.2016.1169964},
	pages = {152--167},
	number = {3},
	journaltitle = {Collection Management},
	author = {Hughes, Michael},
	urldate = {2020-08-30},
	date = {2016}
}


@book{inmon_building_nodate_2005,
	location = {Indianapolis, {IN}},
	edition = {4. ed.},
	title = {Building the data warehouse},
	pagetotal = {xxviii, 543 Seiten},
	publisher = {Wiley},
	author = {Inmon, William H.},
	keywords = {Betriebliches Informationssystem, Data-Warehouse-Konzept, Datenbank},
	date = {2005}
}


@online{james_c_kirkpatrick_library_jckl_2020,
	title = {{JCKL} Statistics Dashboard - James C. Kirkpatrick Library - University of Central Missouri},
	url = {https://library.ucmo.edu/stats/dashboard},
	author = {James C. Kirkpatrick Library},
	urldate = {2020-09-28},
	date = {2020}
}


@incollection{jantti_libraries_2016,
	title = {Libraries and Big Data: a new view on impact and affect},
	url = {10.1016/B978-0-12-802105-7.00026-9},
	pages = {267--273},
	booktitle = {Quality and the Academic Library},
	publisher = {Chandos Publishing},
	author = {Jantti, Margie},
	editor = {Atkinson, Jeremy},
	urldate = {2020-08-30},
	date = {2016}
}


@article{jilovsky_cathie_library_2004,
	title = {Library Statistics: reflecting yesterday, today and tomorrow},
	url = {https://www.caval.edu.au/assets/files/Research_and_Advocacy/Library_Statistics-reflecting_yesterday_today_and_tomorrow-Northumbria_2005.pdf},
	author = {Jilovsky, Cathie},
	urldate = {2020-09-01},
	date = {2004}
}


@incollection{johannsen_jochen_bestands-_2015,
	location = {Berlin},
	title = {Bestands- und Beschaffungsevaluierung},
	volume = {1},
	pages = {252--269},
	booktitle = {Praxis Handbuch Bibliotheksmanagement},
	publisher = {De Gruyter},
	author = {Johannsen, Jochen and Mittermaier, Bernhard},
	editor = {Griebel, Rolf and Schäffler, Hildegard and Söllner, Konstanze},
	date = {2015}
}

@article{johnson_catherine_how_2018,
	title = {How librarians make decisions: the interplay of subjective and quantitative factors in the cancellation of Big Deals},
	volume = {39},
	doi = {10.1108/CC-05-2018-0013},
	pages = {6--14},
	number = {1},
	journaltitle = {Collection and Curation},
	author = {Johnson Catherine, Anne and Cassady, Samuel},
	date = {2018},
	urldate = {2020-08-30}
}


@book{johnson_peggy_fundamentals_2014,
	location = {Chicago},
	edition = {Third edition},
	title = {Fundamentals of collection development and management},
	pagetotal = {xiv, 554 Seiten},
	publisher = {Ala edition},
	author = {Johnson, Peggy},
	date = {2014}
}


@book{kemper_business_2010,
	location = {Wiesbaden},
	edition = {3., überarb. und erw. Aufl.},
	title = {Business intelligence - Grundlagen und praktische Anwendungen : eine Einführung in die {IT}-basierte Managementunterstützung},
	pagetotal = {{ix}, 298 Seiten},
	publisher = {Vieweg + Teubner},
	author = {Kemper, Hans-Georg and Baars, Henning and Mehanna, Walid},
	date = {2010},
	keywords = {Business Intelligence}
}

@book{kirk_data_2019,
	location = {Los Angeles},
	edition = {2nd edition},
	title = {Data visualisation : a handbook for data driven design},
	pagetotal = {312 Seiten},
	publisher = {Sage},
	author = {Kirk, Andy},
	date = {2019},
	keywords = {Daten, Mediendesign G1 - B3Kat, Visualisierung}
}

@article{knievel_use_2006,
	title = {Use of Circulation Statistics and Interlibrary Loan Data in Collection Management},
	volume = {67},
	doi = {10.5860/crl.67.1.35},
	pages = {35--49},
	number = {1},
	journaltitle = {2006},
	author = {Knievel, Jennifer E and Wicht, Heather and Connaway, Lynn Silipigni},
	urldate = {2020-08-29},
	date = {2006}
}

@article{kutlay_shiny_2020,
	title = {Shiny Fabric: a lightweight, Open-Source-Tool for visualizing and reporting library relationships},
	url = {https://journal.code4lib.org/articles/14938},
	number = {47},
	journaltitle = {Code4Lib},
	author = {Kutlay, Atalay and Murgu, Cal},
	date = {2020}
}


@article{laitinen_markku_library_2013,
	title = {Library statistics with confidence: facts from figures with no fear},
	volume = {2},
	url = {http://www.qqml-journal.net/index.php/qqml/article/view/122/122},
	pages = {459--467},
	number = {4},
	journaltitle = {Qualitative and Quantitative Methods in Libraries},
	author = {Laitinen, Markku},
	date = {2013}
}


@book{linden_geschaftsmodellbasierte_2016,
	location = {Wiesbaden},
	title = {Geschäftsmodellbasierte Unternehmenssteuerung mit Business-Intelligence-Technologien : Unternehmensmodell - Architekturmodell - Datenmodell},
	pagetotal = {{xxiv}, 403 Seiten},
	publisher = {Springer Gabler},
	author = {Linden, Markus},
	date = {2016},
	keywords = {Unternehmensplanung / Geschäftsmodell / Betriebliches Informationssystem}
}


@online{loukides_where_2021,
	title = {Where Programming, Ops, {AI}, and the Cloud are headed in 2021},
	url = {https://www.oreilly.com/radar/where-programming-ops-ai-and-the-cloud-are-headed-in-2021/},
	titleaddon = {O’Reilly Media},
	author = {Loukides, Mike},
	urldate = {2021-01-26},
	date = {2021}
}
}

@incollection{lyons_lucy_eleonore_collection_2010,
	location = {Santa Barbara, Calif.},
	title = {Collection evaluation : selecting the right tools and methods for your library},
	pages = {37--51},
	booktitle = {Library data : empowering practice and persuasion},
	publisher = {Libraries Unlimited},
	author = {Lyons, Lucy Eleonore},
	editor = {Orcutt, Darby},
	date = {2010}
}


@book{mauldin_data_2015,
	location = {Lanham},
	title = {Data visualizations and infographics},
	pagetotal = {xiv, 119 Seiten},
	publisher = {Rowman \& Littlefiield},
	author = {Mauldin, Sarah K C},
	date = {2015}
}

@article{mayank_yuvaraj_infographics_2017,
	title = {Infographics: tools for designing, visualizing data and storytelling in libraries},
	volume = {34},
	doi = {10.1108/LHTN-01-2017-0004},
	pages = {6--9},
	journaltitle = {Library Hi Tech News},
	author = {Mayank, Yuvaraj},
	urldate = {2020-08-30},
	date = {2017}
}



@article{meyer_using_2018,
	title = {Using R and the Tidyverse to generate library usage reports},
	url = {https://journal.code4lib.org/articles/13282},
	number = {39},
	journaltitle = {Code4Lib},
	author = {Meyer, Andy},
	urldate = {2020-08-30},
	date = {2018}
}



@online{microsoft_datenvisualisierung_2020,
	title = {Datenvisualisierung},
	url = {https://powerbi.microsoft.com/de-de/},
	author = {Microsoft},
	urldate = {2020-09-28},
	date = {2020}
}

@incollection{moravetz-kuhlmann_monika_erwerbungspolitik_2015,
	location = {Berlin},
	title = {Erwerbungspolitik, Etatplanung und Mittelallokation in wissenschaftlichen Bibliotheken},
	volume = {1},
	pages = {161--183},
	booktitle = {Praxis Handbuch Bibliotheksmanagement},
	publisher = {De Gruyter},
	author = {Moravetz-Kuhlmann, Monika},
	editor = {Griebel, Rolf and Schäffler, Hildegard and Söllner, Konstanze},
	date = {2015}
}

@article{morrisey_data-driven_2010,
	title = {Data-driven decision making in electronic collection development},
	volume = {50},
	doi = {10.1080/01930821003635010},
	pages = {283--290},
	number = {3},
	journaltitle = {Journal of Library Administration},
	author = {Morrisey, Locke},
	urldate = {2020-08-30},
	date = {2010}
}


@article{morton-owens_trends_2012,
	title = {Trends at a glance: a management dashboard of library statistics},
	volume = {31},
	doi = {10.6017/ital.v31i3.1919},
	journaltitle = {Information Technology and Libraries},
	author = {Morton-Owens, Emily and Hanson, Karen},
	urldate = {2020-08-30},
	date = {2012}
}



@collection{mucksch_data_2000,
	location = {Wiesbaden},
	edition = {4., vollständig überarbeitete und erweiterte Auflage},
	title = {Das Data Warehouse-Konzept : Architektur - Datenmodelle - Anwendungen : mit Erfahrungsberichten},
	pagetotal = {xix, 541 Seiten},
	publisher = {Gabler},
	editor = {Mucksch, Harry and Behme, Wolfgang},
	date = {2000}
}

@book{muller_business_2013,
	location = {Berlin},
	title = {Business Intelligence},
	pagetotal = {xxii, 306 Seiten},
	publisher = {Springer},
	author = {Müller, Roland M. and Lenz, Hans-Joachim},
	date = {2013},
	keywords = {Business Intelligence}
}

@article{murphy_data_2013,
	title = {Data visualization and rapid analytics: applying Tableau Desktop to support library decision-making},
	volume = {7},
	doi = {10.1080/19322909.2013.825148},
	pages = {465--476},
	number = {4},
	journaltitle = {Journal of Web Librarianship},
	shortjournal = {null},
	author = {Murphy, Sarah   Anne},
	date = {2013}
}


@article{murphy_how_2015,
	title = {How data visualization supports academic library assessment: three examples from The Ohio State University Libraries using Tableau},
	volume = {76},
	doi = {10.5860/crln.76.9.9379},
	pages = {482--486},
	number = {9},
	journaltitle = {2015},
	author = {Murphy, Sarah Anne},
	urldate = {2020-08-30},
	date = {2015}
}


@online{projekt_deal_projekt_2020,
	title = {Projekt Deal},
	url = {https://www.projekt-deal.de/},
	titleaddon = {Projekt {DEAL} – Bundesweite Lizenzierung von Angeboten großer Wissenschaftsverlage},
	author = {Deal},
	urldate = {2020-09-08},
	date = {2020}
}

@online{oclc_bibcontrol_2020,
	title = {{BibControl}: Statistik und Reporting für Bibliotheken},
	url = {https://www.oclc.org/de/bibcontrol.html},
	author = {{OCLC}},
	urldate = {2020-09-28},
	date = {2020}
}


@book{ousterhout_philosophy_2018,
	location = {Palo Alto, {CA}},
	edition = {First Edition},
	title = {A philosophy of software design},
	pagetotal = {x, 178 Seiten},
	publisher = {Yaknyam Press},
	author = {Ousterhout, John K},
	date = {2018},
	keywords = {Design G1 - B3Kat, Software}
}

@online{pandas_pandas_2021,
	title = {Pandas - Python Data Analysis Library},
	url = {https://pandas.pydata.org/},
	titleaddon = {Pandas},
	author = {Pandas},
	urldate = {2021-01-26},
	date = {2021}
}

@article{phetteplace_effectively_2012,
	title = {Effectively visualizing library data},
	volume = {52},
	doi = {10.5860/rusq.52n2.93},
	pages = {93--97},
	number = {2},
	journaltitle = {Reference \& User Services Quarterly},
	author = {Phetteplace, Eric},
	urldate = {2020-08-30},
	date = {2012}
}


@online{plotly_plotly_2021,
	title = {Plotly open source graphing libraries},
	url = {https://plotly.com/graphing-libraries/},
	author = {Plotly},
	urldate = {2021-01-27},
	date = {2021}
}



@online{plotly_dash_2021,
	title = {Dash documentation \& user guide},
	url = {https://dash.plotly.com/introduction},
	author = {Plotly},
	urldate = {2021-01-27},
	date = {2021}
}

@online{plotly_dash_2021-1,
	title = {Dash core components},
	url = {https://dash.plotly.com/dash-core-components},
	author = {Plotly},
	urldate = {2021-01-27},
	date = {2021}
}

@online{plotly_dash_2021-2,
	title = {Dash html components},
	url = {https://dash.plotly.com/dash-html-components},
	author = {Plotly},
	urldate = {2021-01-27},
	date = {2021}
}

@online{plotly_dash_2021-3,
	title = {Dash callbacks},
	url = {https://dash.plotly.com/basic-callbacks},
	author = {Plotly},
	urldate = {2021-01-27},
	date = {2021}
}



@online{plotly_discrete_2021,
	title = {Discrete Colors : Python},
	url = {https://plotly.com/python/discrete-color/},
	author = {Plotly},
	urldate = {2021-02-02},
	date = {2021}
}

@online{plotly_plotly_2021,
	title = {Plotly Express : Python},
	url = {https://plotly.com/python/plotly-express/},
	author = {Plotly},
	urldate = {2021-02-02},
	date = {2021}
}

@online{plotly_plotlygraph_objectsbar_2021,
	title = {Plotly.graph\_objects.Bar : 4.14.3 documentation},
	url = {https://plotly.com/python-api-reference/generated/plotly.graph_objects.Bar.html},
	author = {Plotly},
	urldate = {2021-02-01},
	date = {2021}
}

@online{plotly_url_2021,
	title = {{URL} routing and multiple apps},
	url = {https://dash.plotly.com/urls},
	author = {Plotly},
	urldate = {2021-01-29},
	date = {2021}
}

@online{python_6_2021,
	title = {6. Modules — Python 3.7.9 documentation},
	url = {https://docs.python.org/3.7/tutorial/modules.html},
	author = {Python},
	urldate = {2021-01-26},
	date = {2021}
}


@online{python_pypi_2021,
	title = {{PyPI} : the Python package index},
	url = {https://pypi.org/},
	author = {Python},
	urldate = {2021-01-26},
	date = {2021}
}

@online{python_welcome_2021,
	title = {Welcome to Python.org : the official home of the Python Programming Language},
	url = {https://www.python.org/},
	titleaddon = {Welcome to Python.org},
	author = {Python},
	urldate = {2021-01-26},
	date = {2021}
}


@collection{rosch_bibliotheken_2019,
	location = {Wiesbaden},
	edition = {3., neu konzipierte und aktualisierte Auflage},
	title = {Bibliotheken und Informationsgesellschaft in Deutschland : eine Einführung},
	pagetotal = {{xiii}, 329 Seiten},
	publisher = {Harrassowitz Verlag},
	editor = {Rösch, Hermann and Seefeldt, Jürgen and Umlauf, Konrad and Engelbert, Plassmann},
	date = {2019},
	keywords = {Bibliothek / Informationsmanagement / Deutschland}
}


@online{rvk_rvk_2021,
	title = {{RVK} Download - Regensburger Verbundklassifikation Online},
	url = {https://rvk.uni-regensburg.de/regensburger-verbundklassifikation-online/rvk-download},
	author = {{RVK}},
	urldate = {2021-02-02},
	date = {2021}
}


@online{sap_pixel-perfect_2020,
	title = {Pixel-perfect report creation, data analysis and report distribution},
	url = {https://www.crystalreports.com/},
	author = {{SAP}},
	urldate = {2020-09-28},
	date = {2020}
}


@article{schmidt_deutsche_2008,
	title = {Deutsche Bibliotheksstatistik ({DBS}): Konzept, Umsetzung und Perspektiven für eine umfassende Datenbasis zum Bibliothekswesen in Deutschland: 10 Fragen von Bruno Bauer an Ronald M. Schmidt, Leiter der {DBS}},
	volume = {8},
	url = {http://www.egms.de/en/journals/mbi/2008-8/mbi000102.shtml},
	pages = {1--7},
	number = {1},
	journaltitle = {{GMS} Medizin - Bibliothek - Informatio},
	author = {Schmidt, Ronald M. and Bauer, Bruno},
	urldate = {2020-09-08},
	date = {2008}
}

@article{scott_using_2019,
	title = {Using data to support collection development and improve library value},
	volume = {15},
	doi = {10.1080/15228959.2019.1663337},
	pages = {337--343},
	number = {4},
	journaltitle = {Public Services Quarterly},
	author = {Scott, Mark C and Vogus, Brad},
	urldate = {2020-08-30},
	date = {2019}
}

@thesis{spielberg_eike_t_fachref-assistent_nodate,
	title = {Der {FachRef}-Assistent : personalisiertes, fachspezifisches und transparentes Bestandsmanagement},
	url = {http://nbn-resolving.de/urn/resolver.pl?urn:nbn:de:hbz:79pbc-opus-9888},
	pagetotal = {xiii, 107 Seiten},
	type = {Master Thesis},
	author = {Spielberg, Eike T.},
	urldate = {2020-08-30},
	year = {2017},
}

@online{springShare_libinsight_2020,
	title = {{LibInsight} - analyze library services and make more informed service decisions},
	url = {https://springshare.com/libinsight/},
	author = {{SpringShare}},
	urldate = {2020-09-28},
	date = {2020}
}

@online{tableau_software_software_2020,
	title = {Software für Business Intelligence und Analytics},
	url = {https://www.tableau.com/de-de},
	author = {Tableau Software},
	urldate = {2020-09-28},
	date = {2020}
}

@book{taschner_management_2013,
	location = {Wiesbaden},
	title = {Management Reporting : Erfolgsfaktor internes Berichtswesen},
	pagetotal = {xi, 251 Seiten},
	publisher = {Springer Gabler},
	author = {Taschner, Andreas},
	date = {2013},
	keywords = {Management / Bericht / Verhaltensorientiertes Rechnungswesen}
}

@Book{Tufte01,
  title     = {The visual display of quantitative information},
  publisher = {Graphics Press},
  year      = {2019},
  pages 	= {197 Seiten},
  author    = {Edward R. Tufte},
  address   = {Chesh\-ire, CT, USA},
  edition   = {2},
}

@Book{Tufte90,
  title     = {Envisioning information},
  publisher = {Graphics Press},
  year      = {1990},
  pages 	= {126 Seiten},
  author    = {Tufte, Edward R.},
  address   = {Chesh\-ire, CT, USA},
}


@online{van_de_ven_bokeh_2021,
	title = {Bokeh},
	url = {https://bokeh.org/},
	author = {Van de Ven, Bryan},
	urldate = {2021-01-27},
	date = {2021}
}


@article{wiegand_visualizing_2013,
	title = {Visualizing library statistics using Open Flash Chart 2 and Drupal},
	url = {https://journal.code4lib.org/articles/7812},
	number = {19},
	journaltitle = {Code4Lib},
	author = {Wiegand, Laura K and Humphrey, Bob},
	urldate = {2020-08-30},
	date = {2013}
}

@book{wilke_datenvisualisierung_2020,
	location = {Heidelberg},
	edition = {1},
	title = {Datenvisualisierung - Grundlagen und Praxis : wie Sie aussagekräftige Diagramme und Grafiken gestalten},
	pagetotal = {{xviii}, 341 Seiten},
	publisher = {O'Reilly},
	author = {Wilke, Claus},
	date = {2020}
}


@online{witherley_chartmaker_2020,
	title = {The Chartmaker directory},
	url = {https://chartmaker.visualisingdata.com/},
	author = {Witherley, Andrew and Kirk, Andy},
	urldate = {2020-09-28},
	date = {2020}
}


@article{xu_interactive_2014,
	title = {Interactive visualization for curatorial analysis of large digital collection},
	volume = {13},
	doi = {10.1177/1473871612473590},
	pages = {159--183},
	number = {2},
	journaltitle = {Information Visualization},
	author = {Xu, Weijia and Esteva, Maria and Jain, Suyog D and Jain, Varun},
	urldate = {2020-08-30},
	date = {2014}
}
